@book{Abate2011,
address = {Milano},
annote = {From Duplicate 1 (Geometria Differenziale - Abate, Marco; Tovena, Francesca)

Usati per la tesi:
cap 3) Fibrati vettoriali
cap 6) Connessioni(.1-.4), Variet{\`{a}} Riemmaninane (.5-.7), Variet{\`{a}} Simplettiche (.8)
cap 7) Geodetiche
cap 8) Curvatura (.1) e Jacobi Field(.2 e .5)},
author = {Abate, Marco and Tovena, Francesca},
doi = {10.1007/978-88-470-1920-1},
file = {:E$\backslash$:/Mendeley Desktop/Abate, Tovena{\_}Geometria Differenziale.pdf:pdf},
isbn = {978-88-470-1919-5},
keywords = {COMPRATO,Fiber Bundles,Geometria Differenziale,Metodi Matematici,Tesi Magistrale},
mendeley-tags = {COMPRATO,Fiber Bundles,Geometria Differenziale,Metodi Matematici,Tesi Magistrale},
publisher = {Springer Milan},
series = {UNITEXT},
title = {{Geometria Differenziale}},
url = {http://link.springer.com/10.1007/978-88-470-1920-1},
year = {2011}
}

@misc{  bundles,
        author = "Tony",
        title = "Excursus on Fiber Bundles",
        url = {https://github.com/MasterToninus/Dispensarium/blob/master/Fiber%20Bundles/FiberBundles.pdf},
        year = "2015"
}

@misc{  algebraCheat,
        author = "Tony",
        title = "Algebraic Structure CheatSheet",
        url = {https://github.com/MasterToninus/Dispensarium/blob/master/Remarks%20in%20Algebra/RemarkAlgebra.pdf},
        year = "2015"
}
